@article{takahashi,
  title = {Implementation of {{Basic Reflex Functions}} on {{Musculoskeletal Robots Driven}} by {{Pneumatic Artificial Muscles}}},
  author = {Takahashi, Ryu and Wang, Yanlin and Wang, Junqi and Jiang, Yelin and Hosoda, Koh},
  date = {2023-04},
  journal={IEEE Robotics and Automation Letters}, 
  journaltitle = {IEEE Robotics and Automation Letters},
  volume = {8},
  number = {4},
  pages = {1920--1926},
  year = {2023},
}

% @article{wheatstone,
%  	title = {Applying the Wheatstone bridge circuit},
%   publisher = {HMB Germany},
%  	author = {K. Hoffmann},
% }


@article{spring,
  title = {Empirical Modeling of Dynamic Behaviors of Pneumatic Artificial Muscle Actuators},
  author = {Wickramatunge, Kanchana Crishan and Leephakpreeda, Thananchai},
  year = {2013},
  journal = {ISA Transactions},
  volume = {52},
  number = {6},
  pages = {825--834},
}

@article{chouMeasurementModelingMcKibben1996,
  title = {Measurement and Modeling of {{McKibben}} Pneumatic Artificial Muscles},
  author = {Chou, Ching-Ping and Hannaford, B.},
  journal = {IEEE Transactions on Robotics and Automation},
  volume = {12},
  number = {1},
  pages = {90--102},
  year = {1996},
}

@article{ModelingControl,
  title = {Modeling and Control of {{McKibben}} Artificial Muscle Robot Actuators},
  author={Tondu, B. and Lopez, P.},
  date = {2000-04},
  journal = {IEEE Control Systems},
  volume = {20},
  number = {2},
  pages = {15--38},
  year = {2000},
}

@article{Comparison,
  title = {Flexible {{Pneumatic Actuators}}: {{A Comparison}} between {{The McKibben}} and the {{Straight Fibres Muscles}}},
  author = {Carlo Ferraresi, Walter Franco and Andrea Manuello},
  year = {2001},
  journal = {Journal of Robotics and Mechatronics},
  volume = {13},
  number = {1},
  pages = {56--63},
}

@book{kandel,
  title={Principles of neural science},
  author={Kandel, Eric R and Schwartz, James H and Jessell, Thomas M and Siegelbaum, Steven and Hudspeth, A James and Mack, Sarah and others},
  volume={4},
  year={2000},
  publisher={McGraw-hill New York}
}

@article{Dynamic,
  title = {Modeling the Dynamic Characteristics of Pneumatic Muscle},
  author = {Reynolds, D. B. and Repperger, D. W. and Phillips, C. A. and Bandry, G.},
  year = {2003},
  journal = {Annals of Biomedical Engineering},
  volume = {31},
  number = {3},
  pages = {310--317},
}

@article{Quasi,
  title = {Quasi-static nonlinear response of pneumatic artificial muscles for both agonistic and antagonistic actuation modes},
  author = {Robinson, Ryan M and Kothera, Curt S and Wereley, Norman M},
  year = {2015},
  journal = {Journal of Intelligent Material Systems and Structures},
  volume = {26},
  number = {7},
  pages = {796--809},
}

@article{rus_design_2015,
	title = {Design, fabrication and control of soft robots},
	volume = {521},
	journal = {Nature},
	author = {Rus, Daniela and Tolley, Michael T.},
	year = {2015},2024-04-30-17-11-10.png
	pages = {467--475},
}

@inproceedings{SDCharacteristics,
  title = {Static and dynamic characteristics of McKibben pneumatic artificial muscles},
  booktitle = {Proceedings of the 1994 IEEE International Conference on Robotics and Automation},
  author = {{Ching-Ping Chou} and Hannaford, B.},
  pages = {281--286},
  publisher = {{IEEE Comput. Soc. Press}},
    year = {1994}
}

@article{motion,
  author = {Nozaki, T. and Noritsugu, T.},
  year = {2014},
  pages = {147-158},
  title = {Motion analysis of McKibben type pneumatic rubber artificial muscle with finite element method},
  volume = {8},
  journal = {International Journal of Automation Technology},
}
@article{mirvakili_artificial,
	title = {Artificial {Muscles}: {Mechanisms}, {Applications}, and {Challenges}},
	volume = {30},
	issn = {1521-4095},
	number = {6},
	journal = {Advanced Materials},
	author = {Mirvakili, Seyed M. and Hunter, Ian W.},
	year = {2018},
}

@article{ashwin_survey_2018,
	title = {A {Survey} on {Static} {Modeling} of {Miniaturized} {Pneumatic} {Artificial} {Muscles} {With} {New} {Model} and {Experimental} {Results}},
	volume = {70},
	number = {4},
	journal = {Applied Mechanics Reviews},
	author = {Ashwin, K. P. and Ghosal, A.},
	year = {2018},
}

@article{Compac,
  author={Sato, Hiroto and Uchiyama, Kousuke and Mano, Yuki and Ito, Fumio and Kurumaya, Shunichi and Okui, Manabu and Yamada, Yasuyuki and Nakamura, Taro},
  journal={IEEE Access}, 
  title={Development of a Compact Pneumatic Valve Using Rotational Motion for a Pneumatically Driven Mobile Robot With Periodic Motion in a Pipe}, 
  year={2021},
  volume={9},
  number={},
  pages={165271-165285},
  doi={10.1109/ACCESS.2021.3135035}}

  @article{polygerinos_soft_2015,
	title = {Soft robotic glove for combined assistance and at-home rehabilitation},
	volume = {73},
	journal = {Robotics and Autonomous Systems},
	author = {Polygerinos, Panagiotis and Wang, Zheng and Galloway, Kevin C. and Wood, Robert J. and Walsh, Conor J.},
	year = {2015},
	pages = {135--143},
}

@article{hosoda,
  title = {Anthropomorphic {{Muscular}}â€“{{Skeletal Robotic Upper Limb}} for {{Understanding Embodied Intelligence}}},
  author = {Hosoda, Koh and Sekimoto, Shunsuke and Nishigori, Yoichi and Takamuku, Shinya and Ikemoto, Shuhei},
  year = {2012},
  journal = {Advanced Robotics},
  volume = {26},
  number = {7},
  pages = {729--744},
}

@article{marchese_autonomous,
	title = {Autonomous {Soft} {Robotic} {Fish} {Capable} of {Escape} {Maneuvers} {Using} {Fluidic} {Elastomer} {Actuators}},
	volume = {1},
	number = {1},
	journal = {Soft Robotics},
	author = {Marchese, Andrew D. and Onal, Cagdas D. and Rus, Daniela},
	month = mar,
	year = {2014},
	pages = {75--87},
}

@INPROCEEDINGS{nakajima,
  author={Sakurai, Ryo and Nishida, Mitsuhiro and Sakurai, Hideyuki and Wakao, Yasumichi and Akashi, Nozomi and Kuniyoshi, Yasuo and Minami, Yuna and Nakajima, Kohei},
  booktitle={2020 3rd IEEE International Conference on Soft Robotics (RoboSoft)}, 
  title={Emulating a sensor using soft material dynamics: A reservoir computing approach to pneumatic artificial muscle}, 
  year={2020},
  volume={},
  number={},
  pages={710-717},
  keywords={},
  doi={10.1109/RoboSoft48309.2020.9115974}}
